@misc{zweifel_samarin_meusburger_alewell_2021,
    title={Investigating causal factors of shallow landslides in grassland regions of Switzerland},
    url={https://nhess.copernicus.org/articles/21/3421/2021/nhess-21-3421-2021-discussion.html},
    journal={Natural Hazards and Earth System Sciences},
    author={Zweifel, Lauren and Samarin, Maxim and Meusburger, Katrin and Alewell, Christine},
    year={2021},
    month={Nov}
}
@misc{group_lasso,
    url={https://www.researchgate.net/publication/4993325_Model_Selection_and_Estimation_in_Regression_With_Grouped_Variables},
    journal={Model selection and estimation in regression with grouped variables},
    author={Yuan, Ming and Lin, Yi},
    year={2004}
}
@Article{blockCV,
    author = {Roozbeh Valavi and Jane Elith and José J. Lahoz-Monfort
    and Gurutzeta Guillera-Arroita},
    title = {blockCV: An R package for generating spatially or
    environmentally separated folds for k-fold cross-validation of
    species distribution models},
    journal = {Methods in Ecology and Evolution},
    volume = {10},
    number = {2},
    pages = {225-232},
    year = {2019},
    author = {Roozbeh Valavi and Jane Elith and José J. Lahoz-Monfort
    and Gurutzeta Guillera-Arroita},
}
@misc{bayesian_group_lasso,
    title={Bayesian variable selection and estimation for group Lasso},
    url={https://projecteuclid.org/journals/bayesian-analysis/volume-10/issue-4/Bayesian-Variable-Selection-and-Estimation-for-Group-Lasso/10.1214/14-BA929.full},
    journal={Project Euclid},
    publisher={International Society for Bayesian Analysis},
    author={Xu, Xiaofan and Ghosh, Malay}
}